

@Unpublished{relu,
  author = 		 {Jason Brownlee},
  title = 		 {A Gentle Introduction to the Rectified Linear Unit (ReLU)},
  url = {https://machinelearningmastery.com/rectified-linear-activation-function-for-deep-learning-neural-networks/}
}